<?xml version="1.0" encoding="UTF-8"?><collection xmlns="http://www.loc.gov/MARC21/slim"><record><leader>00536nam--2200193-u-4500</leader><controlfield tag="001">000053463</controlfield><controlfield tag="002">20161230</controlfield><controlfield tag="005">20161230201051</controlfield><controlfield tag="008">110406s1000------------r-----000-0-eng-d</controlfield><datafield ind1=" " ind2=" " tag="020"><subfield code="a">0121694305</subfield></datafield><datafield ind1=" " ind2=" " tag="040"><subfield code="a">IFIN-HH</subfield></datafield><datafield ind1=" " ind2=" " tag="080"><subfield code="a">543.424.2</subfield></datafield><datafield ind1="1" ind2=" " tag="100"><subfield code="a">Chase, D.B</subfield></datafield><datafield ind1="1" ind2="0" tag="245"><subfield code="a">Fourier transform, raman spectroscopy</subfield><subfield code="b">From concept to experiment</subfield><subfield code="c">D.b. chase; j.f. rabolt (eds.)</subfield></datafield><datafield ind1=" " ind2=" " tag="260"><subfield code="a">San Diego</subfield><subfield code="b">Academic Press</subfield><subfield code="c">1994</subfield></datafield><datafield ind1=" " ind2=" " tag="300"><subfield code="a">274P</subfield></datafield><datafield ind1="1" ind2=" " tag="700"><subfield code="a">Rabolt, J.F</subfield><subfield code="e">Ed</subfield></datafield><datafield ind1=" " ind2=" " tag="852"><subfield code="a">80255</subfield><subfield code="c">543.51</subfield></datafield><datafield ind1=" " ind2=" " tag="CAT"><subfield code="a">Sys</subfield><subfield code="c">20110406</subfield><subfield code="h">131120</subfield></datafield></record></collection>